<?xml version="1.0" encoding="UTF-8"?><collection xmlns="http://www.loc.gov/MARC21/slim"><record><leader>00392nam--2200133-i-4500</leader><controlfield tag="001">000015973</controlfield><controlfield tag="002">20161230</controlfield><controlfield tag="005">20161230201031</controlfield><controlfield tag="008">060222s1000------------r-----000-0-eng-d</controlfield><datafield ind1=" " ind2=" " tag="080"><subfield code="a">629.19</subfield></datafield><datafield ind1=" " ind2=" " tag="100"><subfield code="a">Cirsmaru, Magdalena</subfield></datafield><datafield ind1=" " ind2=" " tag="245"><subfield code="a">Lista obiectelor cosmice artificiale lansate i n perioada 4 oct.1957-31 dec.1965</subfield></datafield><datafield ind1=" " ind2=" " tag="260"><subfield code="a">Bucuresti, Editura Academiei R.S.R., 1967. 143 P</subfield></datafield><datafield ind1=" " ind2=" " tag="852"><subfield code="a">25582</subfield></datafield></record></collection>